
FLYCATCHER INTERIM REPORT BIBLIOGRAPHY DATABASE

MISCELLANEOUS
%%%%%%%%%%%%%%%%%%%%%%%%%%%%%%%%%%%%%%%%%%%%%%%%%%%%%%%%%%%%%%%%%%%%%%%%%%%%%%%%%%%%%%%%%%%%%%%%%%%%%%%%%

@misc{website:langpop,
      author = "DedaSys LLC",
      title = "Programming Language Popularity",
      year = 2011,
      url = "http://www.langpop.com"
}

DYNAMIC SOFTWARE TESTING
%%%%%%%%%%%%%%%%%%%%%%%%%%%%%%%%%%%%%%%%%%%%%%%%%%%%%%%%%%%%%%%%%%%%%%%%%%%%%%%%%%%%%%%%%%%%%%%%%%%%%%%%%

@book{myers2011art,
  title={The art of software testing},
  author={Myers, G.J. and Sandler, C. and Badgett, T.},
  year={2011},
  publisher={Wiley}
}

SURVEYS
%%%%%%%%%%%%%%%%%%%%%%%%%%%%%%%%%%%%%%%%%%%%%%%%%%%%%%%%%%%%%%%%%%%%%%%%%%%%%%%%%%%%%%%%%%%%%%%%%%%%%%%%%

@article{tahbildar2automated,
  title={Automated Software Test Data Generation: Direction of Research},
  author={Tahbildar, H. and Kalita, B.},
  journal={International Journal of Computer Science and Engineering},
  volume={2},
  publisher={Citeseer}
}

@inproceedings{edvardsson1999survey,
  title={A survey on automatic test data generation},
  author={Edvardsson, J.},
  booktitle={Proceedings of the 2nd Conference on Computer Science and Engineering},
  number={x},
  pages={21--28},
  year={1999}
}

@article{mcminn2004search,
  title={Search-based software test data generation: a survey},
  author={McMinn, P.},
  journal={Software Testing, Verification and Reliability},
  volume={14},
  number={2},
  pages={105--156},
  year={2004},
  publisher={Wiley Online Library}
}

@article{han2008empirical,
  title={An Empirical Evaluation of Test Data Generation Techniques},
  author={Han, S.H. and Kwon, Y.R.},
  journal={Journal of Computing Science and Engineering},
  volume={2},
  number={3},
  pages={274--300},
  year={2008}
}

@article{prasanna2005survey,
  title={A survey on automatic test case generation},
  author={Prasanna, M. and Sivanandam, SN and Venkatesan, R. and Sundarrajan, R.},
  journal={Academic Open Internet Journal},
  volume={15},
  pages={1--5},
  year={2005}
}

@article{mahmood2007systematic,
  title={A Systematic Review of Automated Test Data Generation Techniques},
  author={Mahmood, S.},
  journal={School of Engineering, Blekinge Institute of Technology Box},
  volume={520},
  year={2007}
}

ATDG FOR A DYNAMIC / OO LANGUAGE
%%%%%%%%%%%%%%%%%%%%%%%%%%%%%%%%%%%%%%%%%%%%%%%%%%%%%%%%%%%%%%%%%%%%%%%%%%%%%%%%%%%%%%%%%%%%%%%%%%%%%%%%%

@inproceedings{visvanathan2002generating,
  title={Generating test data for functions with pointer inputs},
  author={Visvanathan, S. and Gupta, N.},
  booktitle={Automated Software Engineering, 2002. Proceedings. ASE 2002. 17th IEEE International Conference on},
  pages={149--160},
  year={2002},
  organization={IEEE}
}

@article{păsăreanu2004verification,
  title={Verification of Java programs using symbolic execution and invariant generation},
  author={P{\u{a}}s{\u{a}}reanu, C. and Visser, W.},
  journal={Model Checking Software},
  pages={164--181},
  year={2004},
  publisher={Springer}
}

@inproceedings{zhao2007automatic,
  title={Automatic test generation for dynamic data structures},
  author={Zhao, R. and Li, Q.},
  booktitle={Software Engineering Research, Management \& Applications, 2007. SERA 2007. 5th ACIS International Conference on},
  pages={545--549},
  year={2007},
  organization={IEEE}
}

@article{sai2005address,
  title={An address mapping approach for test data generation of dynamic linked structures},
  author={Sai-ngern, S. and Lursinsap, C. and Sophatsathit, P.},
  journal={Information and Software Technology},
  volume={47},
  number={3},
  pages={199--214},
  year={2005},
  publisher={Elsevier}
}

@article{mairhofer2008search,
  title={Search-based software testing and complex test data generation in a dynamic programming language},
  author={Mairhofer, S.},
  journal={Master's thesis, Blekinge Institute of Technology},
  year={2008}
}

@inproceedings{pluquet2009fast,
  title={Fast type reconstruction for dynamically typed programming languages},
  author={Pluquet, F. and Marot, A. and Wuyts, R.},
  booktitle={ACM SIGPLAN Notices},
  volume={44},
  number={12},
  pages={69--78},
  year={2009},
  organization={ACM}
}

@article{ducasse2011challenges,
  title={Challenges to support automated random testing for dynamically typed languages},
  author={Ducasse, S. and Oriol, M. and Bergel, A. and others},
  year={2011}
}


@inproceedings{allwood2011high,
  title={High coverage testing of Haskell programs},
  author={Allwood, T. and Cadar, C. and Eisenbach, S.},
  booktitle={Proceedings of the 2011 International Symposium on Software Testing and Analysis},
  pages={375--385},
  year={2011},
  organization={ACM}
}

ATDG for OO
%%%%%%%%%%%%%%%%%%%%%%%%%%%%%%%%%%%%%%%%%%%%%%%%%%%%%%%%%%%%%%%%%%%%%%%%%%%%%%%%%%%%%%%%%%%%%%%%%%%%%%%%%

@article{tonella2004evolutionary,
  title={Evolutionary testing of classes},
  author={Tonella, P.},
  journal={ACM SIGSOFT Software Engineering Notes},
  volume={29},
  number={4},
  pages={119--128},
  year={2004},
  publisher={ACM}
}

LAZY EVALUATION
%%%%%%%%%%%%%%%%%%%%%%%%%%%%%%%%%%%%%%%%%%%%%%%%%%%%%%%%%%%%%%%%%%%%%%%%%%%%%%%%%%%%%%%%%%%%%%%%%%%%%%%%%

@inproceedings{antoy1994needed,
  title={A needed narrowing strategy},
  author={Antoy, S. and Echahed, R. and Hanus, M.},
  booktitle={Proceedings of the 21st ACM SIGPLAN-SIGACT symposium on Principles of programming languages},
  pages={268--279},
  year={1994},
  organization={ACM}
}

@article{lindblad2007property,
  title={Property directed generation of first-order test data},
  author={Lindblad, F.},
  journal={TFP},
  volume={7},
  pages={105--123},
  year={2007},
  publisher={Citeseer}
}

SYMBOLIC EXECUTION
%%%%%%%%%%%%%%%%%%%%%%%%%%%%%%%%%%%%%%%%%%%%%%%%%%%%%%%%%%%%%%%%%%%%%%%%%%%%%%%%%%%%%%%%%%%%%%%%%%%%%%%%%

@article{king1975new,
  title={A new approach to program testing},
  author={King, J.},
  journal={Programming Methodology},
  pages={278--290},
  year={1975},
  publisher={Springer}
}

@article{king1976symbolic,
  title={Symbolic execution and program testing},
  author={King, J.C.},
  journal={Communications of the ACM},
  volume={19},
  number={7},
  pages={385--394},
  year={1976},
  publisher={ACM}
}

@inproceedings{goldberg1994applications,
  title={Applications of feasible path analysis to program testing},
  author={Goldberg, A. and Wang, T.C. and Zimmerman, D.},
  booktitle={Proceedings of the 1994 ACM SIGSOFT international symposium on Software testing and analysis},
  pages={80--94},
  year={1994},
  organization={ACM}
}

@article{offutt1999dynamic,
  title={The dynamic domain reduction procedure for test data generation},
  author={Offutt, A.J. and Jin, Z. and Pan, J.},
  journal={Software-Practice and Experience},
  volume={29},
  number={2},
  pages={167--194},
  year={1999},
  publisher={London, New York, Wiley Interscience [etc.]}
}

@article{ramamoorthy1976automated,
  title={On the automated generation of program test data},
  author={Ramamoorthy, CV and Ho, S.B.F. and Chen, WT},
  journal={Software Engineering, IEEE Transactions on},
  number={4},
  pages={293--300},
  year={1976},
  publisher={IEEE}
}

@article{meudec2001atgen,
  title={ATGen: automatic test data generation using constraint logic programming and symbolic execution†},
  author={Meudec, C.},
  journal={Software Testing, Verification and Reliability},
  volume={11},
  number={2},
  pages={81--96},
  year={2001},
  publisher={Wiley Online Library}
}

@article{păsăreanu2009survey,
  title={A survey of new trends in symbolic execution for software testing and analysis},
  author={P{\u{a}}s{\u{a}}reanu, C.S. and Visser, W.},
  journal={International Journal on Software Tools for Technology Transfer (STTT)},
  volume={11},
  number={4},
  pages={339--353},
  year={2009},
  publisher={Springer}
}

@inproceedings{cadar2011symbolic,
  title={Symbolic execution for software testing in practice: preliminary assessment},
  author={Cadar, C. and Godefroid, P. and Khurshid, S. and Pasareanu, C.S. and Sen, K. and Tillmann, N. and Visser, W.},
  booktitle={Software Engineering (ICSE), 2011 33rd International Conference on},
  pages={1066--1071},
  year={2011},
  organization={IEEE}
}

DYNAMIC ATDG
%%%%%%%%%%%%%%%%%%%%%%%%%%%%%%%%%%%%%%%%%%%%%%%%%%%%%%%%%%%%%%%%%%%%%%%%%%%%%%%%%%%%%%%%%%%%%%%%%%%%%%%%%

@article{korel1990automated,
  title={Automated software test data generation},
  author={Korel, B.},
  journal={Software Engineering, IEEE Transactions on},
  volume={16},
  number={8},
  pages={870--879},
  year={1990},
  publisher={IEEE}
}

@article{miller1976automatic,
  title={Automatic generation of floating-point test data},
  author={Miller, W. and Spooner, D.L.},
  journal={Software Engineering, IEEE Transactions on},
  number={3},
  pages={223--226},
  year={1976},
  publisher={IEEE}
}

@article{gallagher1997adtest,
  title={Adtest: A test data generation suite for ada software systems},
  author={Gallagher, M.J. and Lakshmi Narasimhan, V.},
  journal={Software Engineering, IEEE Transactions on},
  volume={23},
  number={8},
  pages={473--484},
  year={1997},
  publisher={IEEE}
}

@inproceedings{tracey1998automated,
  title={An automated framework for structural test-data generation},
  author={Tracey, N. and Clark, J. and Mander, K. and McDermid, J.},
  booktitle={Automated Software Engineering, 1998. Proceedings. 13th IEEE International Conference on},
  pages={285--288},
  year={1998},
  organization={IEEE}
}

@inproceedings{tracey1998way,
  title={The way forward for unifying dynamic test-case generation: The optimisation-based approach},
  author={Tracey, N. and Clark, J. and Mander, K.},
  booktitle={International Workshop on Dependable Computing and Its Applications (DCIA)},
  pages={169--180},
  year={1998}
}

@inproceedings{gupta1998automated,
  title={Automated test data generation using an iterative relaxation method},
  author={Gupta, N. and Mathur, A.P. and Soffa, M.L.},
  booktitle={ACM SIGSOFT Software Engineering Notes},
  volume={23},
  number={6},
  pages={231--244},
  year={1998},
  organization={ACM}
}

HYBRID ATDG
%%%%%%%%%%%%%%%%%%%%%%%%%%%%%%%%%%%%%%%%%%%%%%%%%%%%%%%%%%%%%%%%%%%%%%%%%%%%%%%%%%%%%%%%%%%%%%%%%%%%%%%%%

@inproceedings{godefroid2005dart,
  title={DART: directed automated random testing},
  author={Godefroid, P. and Klarlund, N. and Sen, K.},
  booktitle={ACM Sigplan Notices},
  volume={40},
  number={6},
  pages={213--223},
  year={2005},
  organization={ACM}
}

@book{sen2005cute,
  title={CUTE: A concolic unit testing engine for C},
  author={Sen, K. and Marinov, D. and Agha, G.},
  volume={30},
  number={5},
  year={2005},
  publisher={ACM}
}

@article{tillmann2008pex,
  title={Pex--white box test generation for. net},
  author={Tillmann, N. and De Halleux, J.},
  journal={Tests and Proofs},
  pages={134--153},
  year={2008},
  publisher={Springer}
}

@article{cadar2008exe,
  title={EXE: automatically generating inputs of death},
  author={Cadar, C. and Ganesh, V. and Pawlowski, P.M. and Dill, D.L. and Engler, D.R.},
  journal={ACM Transactions on Information and System Security (TISSEC)},
  volume={12},
  number={2},
  pages={10},
  year={2008},
  publisher={ACM}
}

@article{anand2007jpf,
  title={JPF--SE: A symbolic execution extension to java pathfinder},
  author={Anand, S. and P{\u{a}}s{\u{a}}reanu, C. and Visser, W.},
  journal={Tools and Algorithms for the Construction and Analysis of Systems},
  pages={134--138},
  year={2007},
  publisher={Springer}
}

@inproceedings{cadar2008klee,
  title={KLEE: Unassisted and automatic generation of high-coverage tests for complex systems programs},
  author={Cadar, C. and Dunbar, D. and Engler, D.},
  booktitle={Proceedings of the 8th USENIX conference on Operating systems design and implementation},
  pages={209--224},
  year={2008},
  organization={USENIX Association}
}

GA
%%%%%%%%%%%%%%%%%%%%%%%%%%%%%%%%%%%%%%%%%%%%%%%%%%%%%%%%%%%%%%%%%%%%%%%%%%%%%%%%%%%%%%%%%%%%%%%%%%%%%%%%%

@article{michael2001generating,
  title={Generating software test data by evolution},
  author={Michael, C.C. and McGraw, G. and Schatz, M.A.},
  journal={Software Engineering, IEEE Transactions on},
  volume={27},
  number={12},
  pages={1085--1110},
  year={2001},
  publisher={IEEE}
}

@inproceedings{michael1998automated,
  title={Automated software test data generation for complex programs},
  author={Michael, C. and McGraw, G.},
  booktitle={Automated Software Engineering, 1998. Proceedings. 13th IEEE International Conference on},
  pages={136--146},
  year={1998},
  organization={IEEE}
}

@article{roper1995genetic,
  title={Genetic algorithms and the automatic generation of test data},
  author={Roper, M. and Maclean, I. and Brooks, A. and Miller, J. and Wood, M.},
  journal={Relat{\'o}rio T{\'e}cnico},
  year={1995}
}

@phdthesis{sthamer1995automatic,
  title={The automatic generation of software test data using genetic algorithms},
  author={Sthamer, H.H.},
  year={1995},
  school={University of Glamorgan}
}